%% This BibTeX bibliography file was created using BibDesk.
%% http://bibdesk.sourceforge.net/

%% Created for Jingyi Yang at 2017-06-11 16:56:55 -0700 


%% Saved with string encoding Unicode (UTF-8) 

@article{ref:otto,
	Author = {Otto Korkalo and Svenja Kahn},
	Date-Added = {2017-06-12 00:46:10 +0000},
	Date-Modified = {2017-06-12 00:47:07 +0000},
	Journal = {Journal of Virtual Reality and Broadcasting},
	Title = {Real-time depth camera tracking with CAD models and ICP},
	Volume = {13},
	Number = {1},
	Year = {2016}}

@article{ref:ohn,
	Author = {E. Ohn-Bars and M. M. Trivedi},
	Date-Added = {2017-06-12 00:46:10 +0000},
	Date-Modified = {2017-06-12 00:47:07 +0000},
	Journal = {IEEE TRANSACTIONS ON INTELLIGENT TRANSPORTATION SYSTEMS},
	Title = {Hand Gesture Recognition in Real Time for Automotive Interfaces: A Multimodal Vision-Based Approach and Evaluations},
	Volume = {15},
	Number = {6},
	Year = {2014}}

@article{ref:escalera,
	Author = {Sergio Escalera and Vassilis Athitsos and Isabelle Guyon },
	Date-Added = {2017-06-12 00:46:10 +0000},
	Date-Modified = {2017-06-12 00:47:07 +0000},
	Journal = {Journal of Machine Learning Research 17},
	Title = {Challenges in multimodal gesture recognition},
	Year = {2016}}

@article{ref:doucet,
	Author = {A. Doucet and S. Godsill and C. Andrieu},
	Date-Added = {2017-06-12 00:46:10 +0000},
	Date-Modified = {2017-06-12 00:47:07 +0000},
	Journal = {Statistics and Computing},
	Number = {3},
	Pages = {197--208},
	Title = {On Sequential Monte Carlo Sampling Methods for Bayesian filtering},
	Volume = {10},
	Year = {2005}}

@inproceedings{ref:gustafsson,
	Author = {Fredrik Gustafsson and Gustaf Hendeby},
	Booktitle = {IEEE Transactions on Signal Processing},
	Date-Added = {2017-06-12 00:42:48 +0000},
	Date-Modified = {2017-06-12 00:45:53 +0000},
	Month = {Feb},
	Pages = {545--555},
	Title = {Some Relations Between Extended and Unscented Kalman Filters},
	Volume = {60},
	Year = {2012}}

@inproceedings{ref:julierUhlmann,
	Author = {S. J. Julier and J. K. Uhlmann},
	Booktitle = {Preceedings of the IEEE},
	Date-Added = {2017-06-12 00:41:25 +0000},
	Date-Modified = {2017-06-12 00:42:39 +0000},
	Month = {Mar},
	Number = {3},
	Pages = {401--422},
	Title = {Unscented filtering and nonlinear estimation},
	Volume = {92},
	Year = {2004}}

@inproceedings{ref:ryan,
	Author = {Ryan Turner and Carl Edward Rasmussen},
	Booktitle = {Machine Learning for Signal Processing(MLSP)},
	Date-Added = {2017-06-12 00:39:23 +0000},
	Date-Modified = {2017-06-12 00:41:21 +0000},
	Month = {29 Aug -- Sept},
	Organization = {IEEE International Workshop },
	Title = {Model based learning of sigma points in unscented Kalman filtering},
	Year = {2010}}

@conference{ref:ye,
	Author = {Ye Yuan, Guiyuan Fu and Weirong Zhang},
	Booktitle = {2016 35th Chine Control Conference(CCC)},
	Date-Added = {2017-06-12 00:38:24 +0000},
	Date-Modified = {2017-06-12 00:39:09 +0000},
	Pages = {2051--2056},
	Title = {Extended and Unscented Kalman Filters for Parameter Estimation of a Hydrodynamic Model of Vessel},
	Year = {2016}}

@article{ref:sorenson,
	Author = {. W. Sorenson, Ed.},
	Date-Added = {2017-06-12 00:37:29 +0000},
	Date-Modified = {2017-06-12 00:38:15 +0000},
	Journal = {Piscataway, NJ: IEEE},
	Title = {Kalman Filtering: Theory and Application},
	Year = {1985}}

@book{ref:peter,
	Author = {Peter S. Maybeck},
	Date-Added = {2017-06-12 00:35:43 +0000},
	Date-Modified = {2017-06-12 00:37:18 +0000},
	Publisher = {Academic Press, Inc.},
	Title = {Stochastic Models, Estimation, and Control},
	Volume = {vol. 141 of Mathematics in Science and Engineering},
	Year = {1979}}

@book{ref:robert,
	Author = {C. P. Robert and G. Casella},
	Date-Added = {2017-06-12 00:34:48 +0000},
	Date-Modified = {2017-06-12 00:35:35 +0000},
	Editor = {Second edition},
	Publisher = {Springer},
	Title = {Monte Carlo Methods},
	Year = {2004}}

@article{ref:gordon,
	Author = {N. Gordon and J. Salmond and A. Smith},
	Date-Added = {2017-06-12 00:33:39 +0000},
	Date-Modified = {2017-06-12 00:34:43 +0000},
	Journal = {IEEE Preceedings on Radar and Signap Processing},
	Pages = {107--113},
	Title = {A Novel Approach to Non-linear/Non-Gaussian Bayesian State Estimation},
	Year = {1993}}

@conference{ref:Julier,
	Author = {S . J. Julier and J. K. Uhlmann},
	Booktitle = {In Proc. of AeroSense: The 11th Int. Symp. on Aerospace/Defence Sensing, Simulation and Controls.},
	Date-Added = {2017-06-12 00:32:19 +0000},
	Date-Modified = {2017-06-12 00:33:31 +0000},
	Title = {A New Extension of the Kalman Filter to Nonlinear Systems},
	Year = {1997}}

@url{ref:cyrill,
	Author = {Cyrill Stachniss},
	Date-Added = {2017-06-12 00:31:34 +0000},
	Date-Modified = {2017-06-12 00:32:11 +0000},
	Title = {Unscented Kalman Filter},
	Urldate = {http://ais.informatik.uni-freiburg.de/teaching/ws13/mapping/pdf/slam06-ukf-4.pdf }}

@article{ref:wan,
	Author = {E. A. Wan, R. Van Der Merwe},
	Date-Added = {2017-06-12 00:30:11 +0000},
	Date-Modified = {2017-06-12 00:31:14 +0000},
	Journal = {Proceedings of the IEEE 2000 Adaptive Systems for Signal Processing, Communications and Control Symposium},
	Pages = {153--158},
	Title = {The Unscented Kalman Filter for Nonlinear Estimation},
	Year = {2000}}

@book{ref:grewal,
	Author = {M. S. Grewal and A. P. Andrews},
	Date-Added = {2017-06-12 00:29:04 +0000},
	Date-Modified = {2017-06-12 00:30:05 +0000},
	Editor = {Second edition},
	Publisher = {John Wilney and Sons, Inc.},
	Title = {Kalman Filtering: Theory and Practice Using MATLAB},
	Year = {2001}}

@book{ref:kalman,
	Author = {R. E. Kalman},
	Date-Added = {2017-06-12 00:26:32 +0000},
	Date-Modified = {2017-06-12 00:28:32 +0000},
	Series = {82(Series D):35--45},
	Title = {A new approach to linear filtering and prediction problems:Transactions of the ASME--Journal of Basic Engineering},
	Year = {1960}}

@inproceedings{ref:botond2008,
    author = {Botond A. Bocsi, Lehel Csato},
    title = {Visual Tracking with Filtering Algorithms},
    booktitle = {2008 4th International Conference on Intelligent Computer Communication and Processing},
    year = {2008},
    pages = {269-274},
}





@article{ref:takimoto20163d,
  title={3D reconstruction and multiple point cloud registration using a low precision RGB-D sensor},
  author={Takimoto, Rog{\'e}rio Yugo and Tsuzuki, Marcos de Sales Guerra and Vogelaar, Renato and de Castro Martins, Thiago and Sato, Andr{\'e} Kubagawa and Iwao, Yuma and Gotoh, Toshiyuki and Kagei, Seiichiro},
  journal={Mechatronics},
  volume={35},
  pages={11--22},
  year={2016},
  publisher={Elsevier}
}

@article{ref:wu2015object,
  title={Object tracking benchmark},
  author={Wu, Yi and Lim, Jongwoo and Yang, Ming-Hsuan},
  journal={IEEE Transactions on Pattern Analysis and Machine Intelligence},
  volume={37},
  number={9},
  pages={1834--1848},
  year={2015},
  publisher={IEEE}
}

@inproceedings{ref:wu2013online,
  title={Online object tracking: A benchmark},
  author={Wu, Yi and Lim, Jongwoo and Yang, Ming-Hsuan},
  booktitle={Proceedings of the IEEE conference on computer vision and pattern recognition},
  pages={2411--2418},
  year={2013}
}

@article{ref:babenko2011robust,
  title={Robust object tracking with online multiple instance learning},
  author={Babenko, Boris and Yang, Ming-Hsuan and Belongie, Serge},
  journal={IEEE transactions on pattern analysis and machine intelligence},
  volume={33},
  number={8},
  pages={1619--1632},
  year={2011},
  publisher={IEEE}
}

@inproceedings{ref:li2009learning,
  title={Learning to associate: Hybridboosted multi-target tracker for crowded scene},
  author={Li, Yuan and Huang, Chang and Nevatia, Ram},
  booktitle={Computer Vision and Pattern Recognition, 2009. CVPR 2009. IEEE Conference on},
  pages={2953--2960},
  year={2009},
  organization={IEEE}
}

@article{ref:bernardin2008evaluating,
  title={Evaluating multiple object tracking performance: the CLEAR MOT metrics},
  author={Bernardin, Keni and Stiefelhagen, Rainer},
  journal={EURASIP Journal on Image and Video Processing},
  volume={2008},
  number={1},
  pages={1--10},
  year={2008},
  publisher={Springer}
}

@article{ref:welch1995introduction,
  title={An introduction to the Kalman filter},
  author={Welch, Greg and Bishop, Gary},
  year={1995}
}

@inproceedings{ref:khan2001object,
  title={Object based segmentation of video using color, motion and spatial information},
  author={Khan, Sohaib and Shah, Mubarak},
  booktitle={Computer Vision and Pattern Recognition, 2001. CVPR 2001. Proceedings of the 2001 IEEE Computer Society Conference on},
  volume={2},
  pages={II--II},
  year={2001},
  organization={IEEE}
}
@mastersthesis{ref:gallego2009,
	Author = {Gallego Vila, Jaime},
	Date-Added = {2017-06-11 23:54:07 +0000},
	Date-Modified = {2017-06-11 23:56:49 +0000},
	School = {Universitat Polit{\`e}cnica de Catalunya},
	Title = {Foreground Segmentation and Tracking Based on Foreground and Background Modeling Techniques},
	Year = {2009}}

@article{ref:kernel,
	Author = {Comaniciu, Dorin and Ramesh, Visvanathan and Meer, Peter},
	Date-Added = {2017-06-11 23:49:49 +0000},
	Date-Modified = {2017-06-11 23:51:07 +0000},
	Journal = {IEEE Transactions on pattern analysis and machine intelligence},
	Number = {5},
	Pages = {564--577},
	Title = {Kernel-based object tracking},
	Volume = {25},
	Year = {2003}}
